
@article{misztal-radecka_blackboard_2016,
	title = {A {Blackboard} {System} for {Generating} {Poetry}},
	volume = {17},
	copyright = {Copyright (c) 2016 Computer Science},
	issn = {2300-7036},
	url = {https://journals.agh.edu.pl/csci/article/view/1576},
	doi = {10.7494/csci.2016.17.2.265},
	language = {en},
	number = {2},
	urldate = {2021-05-17},
	journal = {Computer Science},
	author = {Misztal-Radecka, Joanna and Indurkhya, Bipin},
	month = jul,
	year = {2016},
	keywords = {multi-agent system},
	pages = {265--265},
}


@book{baars_theater_2001,
	address = {New York},
	title = {In the theater of consciousness: the workspace of the mind},
	isbn = {9780195147032},
	shorttitle = {In the theater of consciousness},
	language = {eng},
	publisher = {Oxford Univ. Press},
	author = {Baars, Bernard J.},
	year = {2001},
	note = {OCLC: 248864320},
}

@article{Baars2003BAATGB,
	year = {2003},
	author = {Bernard J. Baars},
	volume = {2},
	title = {The Global Brainweb: An Update on Global Workspace Theory},
	journal = {Science and Consciousness Review}
}

@incollection{ERMAN1981349,
title = {The Hearsay-II Speech-Understanding System: Integrating Knowledge to Resolve Uncertainty},
editor = {Bonnie Lynn Webber and Nils J. Nilsson},
booktitle = {Readings in Artificial Intelligence},
publisher = {Morgan Kaufmann},
pages = {349-389},
year = {1981},
isbn = {978-0-934613-03-3},
doi = {https://doi.org/10.1016/B978-0-934613-03-3.50029-5},
url = {https://www.sciencedirect.com/science/article/pii/B9780934613033500295},
author = {Lee D. Erman and Frederick Hayes-Roth and Victor R. Lesser and D. Raj Reddy}
}

@article{carver_evolution_1994,
	title = {Evolution of blackboard control architectures},
	volume = {7},
	issn = {09574174},
	url = {https://linkinghub.elsevier.com/retrieve/pii/095741749490023X},
	doi = {10.1016/0957-4174(94)90023-X},
	language = {en},
	number = {1},
	urldate = {2021-06-18},
	journal = {Expert Systems with Applications},
	author = {Carver, Norman and Lesser, Victor},
	month = jan,
	year = {1994},
	pages = {1--30},
}

@inproceedings{toivanen2012corpus,
  title={Corpus-based generation of content and form in poetry},
  author={Toivanen, Jukka and Toivonen, Hannu and Valitutti, Alessandro and Gross, Oskar and others},
  booktitle={Proceedings of the third international conference on computational creativity},
  year={2012},
  organization={University College Dublin}
}

@inproceedings{toivanen2013harnessing,
  title={Harnessing constraint programming for poetry composition},
  author={Toivanen, Jukka and J{\"a}rvisalo, Matti and Toivonen, Hannu and others},
  booktitle={The Fourth International Conference on Computational Creativity},
  year={2013},
  organization={The University of Sydney}
}

@inproceedings{astigarraga_emotional_2017,
	address = {Cham},
	series = {Lecture {Notes} in {Computer} {Science}},
	title = {Emotional {Poetry} {Generation}},
	isbn = {9783319664293},
	doi = {10.1007/978-3-319-66429-3_32},
	language = {en},
	booktitle = {Speech and {Computer}},
	publisher = {Springer International Publishing},
	author = {Astigarraga, Aitzol and Martínez-Otzeta, José María and Rodriguez, Igor and Sierra, Basilio and Lazkano, Elena},
	editor = {Karpov, Alexey and Potapova, Rodmonga and Mporas, Iosif},
	year = {2017},
	keywords = {Affective computing , Basque language , Poetry generation , Sentiment analysis },
	pages = {332--342},
}

@article{budzianowski_hello_2019,
	title = {Hello, {It}'s {GPT}-2 -- {How} {Can} {I} {Help} {You}? {Towards} the {Use} of {Pretrained} {Language} {Models} for {Task}-{Oriented} {Dialogue} {Systems}},
	shorttitle = {Hello, {It}'s {GPT}-2 -- {How} {Can} {I} {Help} {You}?},
	url = {http://arxiv.org/abs/1907.05774},
	urldate = {2021-05-17},
	journal = {arXiv:1907.05774 [cs]},
	author = {Budzianowski, Paweł and Vulić, Ivan},
	month = aug,
	year = {2019},
	note = {arXiv: 1907.05774},
	keywords = {Computer Science - Computation and Language},
}


@article{solaiman_release_2019,
	title = {Release {Strategies} and the {Social} {Impacts} of {Language} {Models}},
	url = {http://arxiv.org/abs/1908.09203},
	urldate = {2021-05-17},
	journal = {arXiv:1908.09203 [cs]},
	author = {Solaiman, Irene and Brundage, Miles and Clark, Jack and Askell, Amanda and Herbert-Voss, Ariel and Wu, Jeff and Radford, Alec and Krueger, Gretchen and Kim, Jong Wook and Kreps, Sarah and McCain, Miles and Newhouse, Alex and Blazakis, Jason and McGuffie, Kris and Wang, Jasmine},
	month = nov,
	year = {2019},
	note = {arXiv: 1908.09203},
	keywords = {Computer Science - Artificial Intelligence, Computer Science - Computation and Language, Computer Science - Computers and Society, I.2, I.2.7, K.4},
}

@misc{branwen_gpt-2_2019,
	title = {{GPT}-2 {Neural} {Network} {Poetry}},
	journal = {www.gwern.net/GPT-2},
	copyright = {https://creativecommons.org/publicdomain/zero/1.0/},
	howpublished = {https://www.gwern.net/GPT-2},
	language = {en-us},
	urldate = {2021-05-17},
	author = {Branwen, Gwern},
	month = mar,
	year = {2019},
	note = {Demonstration tutorial of retraining OpenAI's GPT-2 (a text-generating Transformer neural network) on large poetry corpuses to generate high-quality English verse.}
}


@misc{language_modelling_benchmarks,
	title = {Papers with {Code} - {Language} {Modelling}},
	howpublished = {https://paperswithcode.com/task/language-modelling},
	note = {Language modeling is the task of predicting the next word or character in a document.}
}
	
@misc{foundation_poems_2021,
	type = {text/html},
	title = {Poems},
	copyright = {Copyright 2021 Poetry Foundation},
	howpublished = {https://www.poetryfoundation.org/poems},
	note = {More than 40,000 poems by contemporary and classic poets, including Robert Frost, Emily Dickinson, Sylvia Plath, Langston Hughes, Rita Dove, and more.},
	language = {en},
	urldate = {2021-05-26},
	journal = {Poetry Foundation},
	author = {Foundation, Poetry},
	month = may,
	year = {2021},
}


@article{malik_music_2021,
	title = {Music {Generation} {Using} {Deep} {Learning} – {Char} {RNN}},
	issn = {1556-5068},
	url = {https://www.ssrn.com/abstract=3834254},
	doi = {10.2139/ssrn.3834254},
	language = {en},
	urldate = {2021-06-18},
	journal = {SSRN Electronic Journal},
	author = {Malik, Shaily and Arora, Gaurav and Ahlawat, Anvaya and Payal, Mandeep},
	year = {2021},
}


@inproceedings{yi_generating_2017,
	location = {Cham},
	title = {Generating Chinese Classical Poems with {RNN} Encoder-Decoder},
	isbn = {9783319690056},
	doi = {10.1007/978-3-319-69005-6_18},
	series = {Lecture Notes in Computer Science},
	pages = {211--223},
	booktitle = {Chinese Computational Linguistics and Natural Language Processing Based on Naturally Annotated Big Data},
	publisher = {Springer International Publishing},
	author = {Yi, Xiaoyuan and Li, Ruoyu and Sun, Maosong},
	editor = {Sun, Maosong and Wang, Xiaojie and Chang, Baobao and Xiong, Deyi},
	date = {2017},
	langid = {english},
	keywords = {Chinese poetry generation , Machine learning , Neural network },
	year = {2017}
}

@misc{branwen_rnn_2015,
	title = {{RNN} metadata for mimicking individual author style},
	rights = {https://creativecommons.org/publicdomain/zero/1.0/},
	howpublished = {https://www.gwern.net/RNN-metadata},
	note = {Teaching a text-generating char-{RNN} to automatically imitate many different authors by labeling the input text by author; additional experiments include imitating Geocities and retraining {GPT}-2 on a large Project Gutenberg poetry corpus.},
	author = {Branwen, Gwern},
	urldate = {2021-05-26},
	date = {2015-09-12},
	langid = {english},
	year = {2015}
}


@misc{OPTED,
	note = {The Online Plain Text English Dictionary},
	howpublished = {http://www.mso.anu.edu.au/ralph/OPTED/},
	year = {2021-05-27},
}


@misc{CMUpd,
	note = {The {CMU} Pronouncing Dictionary},
	howpublished = {http://www.speech.cs.cmu.edu/cgi-bin/cmudict/},
	year = {2021-05-27},
}


@article{vaswani_attention_2017,
	title = {Attention {Is} {All} {You} {Need}},
	url = {http://arxiv.org/abs/1706.03762},
	urldate = {2021-06-12},
	journal = {arXiv:1706.03762 [cs]},
	author = {Vaswani, Ashish and Shazeer, Noam and Parmar, Niki and Uszkoreit, Jakob and Jones, Llion and Gomez, Aidan N. and Kaiser, Lukasz and Polosukhin, Illia},
	month = dec,
	year = {2017},
	note = {arXiv: 1706.03762},
	keywords = {Computer Science - Computation and Language, Computer Science - Machine Learning},
}

@article{xue_2011, title={Steven Bird, Evan Klein and Edward Loper. Natural Language Processing with Python. O'Reilly Media, Inc.2009. ISBN: 978-0-596-51649-9.}, volume={17}, DOI={10.1017/S1351324910000306}, number={3}, journal={Natural Language Engineering}, publisher={Cambridge University Press}, author={Xue, Nianwen}, year={2011}, pages={419–424}}

@inproceedings{VealeCreativeLanguageRetrieval,
booktitle = {The 49th Annual Meeting of the Association for Computational Linguistics: Human Language Technologies},
author = {Veale, Tony},
year = {2011},
month = {01},
pages = {278-287},
title = {Creative Language Retrieval: A Robust Hybrid of Information Retrieval and Linguistic Creativity}
}

@misc{emotion-cardinality-reducer-github,
	note = {attreyabhatt - Sentiment-Analysis},
	howpublished = {https://github.com/attreyabhatt/Sentiment-Analysis/blob/master/emotions.txt},
	year = {2020-02-21},
}

@article{francis1979brown,
  title={The brown corpus: A standard corpus of present-day edited american english},
  author={Francis, W Nelson and Kucera, Henry},
  journal={Providence, RI: Department of Linguistics, Brown University [producer and distributor]},
  year={1979}
}

@article{hayesrothblackboard1985,
	title = {A blackboard architecture for control},
	volume = {26},
	issn = {00043702},
	url = {https://linkinghub.elsevier.com/retrieve/pii/0004370285900633},
	doi = {10.1016/0004-3702(85)90063-3},
	language = {en},
	number = {3},
	urldate = {2021-06-18},
	journal = {Artificial Intelligence},
	author = {Hayes-Roth, Barbara},
	month = jul,
	year = {1985},
	pages = {251--321},
}

@phdthesis{jordanous_evaluating_2013,
	type = {doctoral},
	title = {Evaluating computational creativity: a standardised procedure for evaluating creative systems and its application},
	shorttitle = {Evaluating computational creativity},
	url = {http://sro.sussex.ac.uk/id/eprint/44741/},
	language = {en},
	urldate = {2021-06-18},
	school = {University of Sussex},
	author = {Jordanous, Anna Katerina},
	month = apr,
	year = {2013},
}